@book{Beda2017,
  author    = {Joe Beda and J. Hightower and Kelsey Hightower and Burns, B.},
  title     = {Kubernetes: Up and Running},
  publisher = {O'Reilly Media, Inc.},
  year      = {2017},
  isbn      = {9781491935675},
}

@book{Gormley2015,
  author    = {Gormley, Clinton and Tong, Zachary},
  title     = {Elasticsearch: The Definitive Guide},
  publisher = {Inc.},
  year      = {2015},
  isbn      = {978-1-4493-5854-9},
  note      = {Published: 07 February 2015},
}

@online{Fowler2014,
  author    = {Martin Fowler},
  title     = {Bliki: Circuitbreaker},
  url       = {https://martinfowler.com/bliki/CircuitBreaker.html},
  note      = {Accessed: 10 December 2023},
}

@book{Nygard2017,
  author    = {Michael T. Nygard},
  title     = {Release It!: Design and Deploy Production-Ready Software},
  edition   = {1st},
  publisher = {Pragmatic Programmers},
  year      = {2017},
  isbn      = {0978739213},
  note      = {ISBN-13: 978-0978739218},
}

@article{MNO2019,
  author    = {MNO Author},
  title     = {Scalability in Containerized Applications with Kubernetes},
  journal   = {ACM Transactions on Cloud Computing},
  year      = {2019},
  url       = {https://www.diva-portal.org/smash/get/diva2:1367111/FULLTEXT02},
}

@online{GhoshND,
  author    = {Ghosh, Soumojit},
  title     = {Observer Design Pattern: Empowering Responsive Software Architecture},
  url       = {https://medium.com/@ghoshsoumojit53/observer-design-pattern-empowering-responsive-software-architecture-d8b50cbbc62},
}

@online{SharmaND,
  author    = {Sharma, Bhumika},
  title     = {Microservices Architecture â€” Circuit Breaker pattern},
  url       = {https://medium.com/@bhumikas30/microservices-architecture-circuit-breaker-pattern-64fc9850f38b},
}
