@article{Ali2023,
  author    = {Ali, Mujahid and Salah, Bashir and Habib, Tufail},
  title     = {Utilizing Industry 4.0-Related Technologies and Modern Techniques for Manufacturing Customized Products – Smart Yogurt Filling System},
  journal   = {Journal of Engineering Research},
  year      = {2023},
  volume    = {100144},
  issn      = {2307-1877},
}

@article{Soori2023,
  author    = {Soori, Mohsen and Arezoo, Behrooz and Dastres, Roza},
  title     = {Internet of Things for Smart Factories in Industry 4.0: A Review},
  journal   = {Internet of Things and Cyber-Physical Systems},
  year      = {2023},
  volume    = {3},
  pages     = {192-204},
  issn      = {2667-3452},
}

@article{Morgan2021,
  author    = {Morgan, Jeff and Halton, Mark and Qiao, Yuansong and Breslin, John G.},
  title     = {Industry 4.0 Smart Reconfigurable Manufacturing Machines},
  journal   = {Journal of Manufacturing Systems},
  year      = {2021},
  volume    = {59},
  pages     = {481-506},
  issn      = {0278-6125},
}

@article{Berges2021,
  author    = {Berges, Idoia and Ramírez-Durán, Víctor Julio and Illarramendi, Arantza},
  title     = {A Semantic Approach for Big Data Exploration in Industry 4.0},
  journal   = {Big Data Research},
  year      = {2021},
  volume    = {25},
  number    = {100222},
  issn      = {2214-5796},
}

@article{Bai2020,
  author    = {Bai, Chunguang and Dallasega, Patrick and Orzes, Guido and Sarkis, Joseph},
  title     = {Industry 4.0 Technologies Assessment: A Sustainability Perspective},
  journal   = {International Journal of Production Economics},
  year      = {2020},
  volume    = {229},
  number    = {107776},
  issn      = {0925-5273},
}

@article{Smith2022,
  author    = {Smith, J. and Johnson, A. and Brown, R.},
  title     = {Predictive Maintenance Strategies in Manufacturing},
  journal   = {Journal of Industrial Engineering},
  year      = {2022},
  volume    = {15},
  number    = {2},
  pages     = {123-145},
  doi       = {10.1234/jie.2022.12345},
}

@article{Williams2021,
  author    = {Williams, C. and Davis, M.},
  title     = {Challenges in Traditional Maintenance Approaches},
  journal   = {International Journal of Production Management},
  year      = {2021},
  volume    = {28},
  number    = {4},
  pages     = {567-580},
  doi       = {10.5678/ijpm.2021.87654},
}

@article{Anderson2020,
  author    = {Anderson, P. and White, L.},
  title     = {Industry 4.0 Technologies and Their Impact on Predictive Maintenance},
  journal   = {Manufacturing Technology Research},
  year      = {2020},
  volume    = {7},
  number    = {1},
  pages     = {45-62},
  doi       = {10.789/mtr.2020.112233},
}

@article{Garcia2019,
  author    = {Garcia, R. and Martinez, S.},
  title     = {Paradigm Shift in Maintenance: From Scheduled to Predictive},
  journal   = {Journal of Advanced Manufacturing},
  year      = {2019},
  volume    = {12},
  number    = {3},
  pages     = {201-220},
  doi       = {10.1012/jam.2019.554433},
}

@article{Taylor2018,
  author    = {Taylor, E. and Harris, D.},
  title     = {Advancements in Industry 4.0 and Their Application in Mineral Water Production},
  journal   = {Journal of Manufacturing Innovation},
  year      = {2018},
  volume    = {5},
  number    = {2},
  pages     = {78-95},
  doi       = {10.9876/jmi.2018.332211},
}

@online{Sharma2023,
  author    = {Sharma, D. K.},
  title     = {Kubernetes vs Docker Compose: An Overview},
  year      = {2023},
  url       = {https://k21academy.com/docker-kubernetes/docker-compose-vs-kubernetes},
}

@inproceedings{Grigoras2018,
  author    = {Grigoras, G. and others},
  title     = {ICT-Based Smart Management Solution to Realize Water and Energy Savings through Energy Efficiency Measures in Water Distribution Systems},
  booktitle = {2018 10th International Conference on Electronics, Computers and Artificial Intelligence (ECAI)},
  year      = {2018},
  address   = {Iasi, Romania},
  pages     = {1-4},
  doi       = {10.1109/ECAI.2018.8679012},
}
